<record><leader>00000cas a2200000 a 4500</leader><controlfield tag="001">8624519</controlfield><controlfield tag="008">820723d18881888iluwr ne      0   a0eng c</controlfield><datafield ind1=" " ind2=" " tag="010"><subfield code="a">  2014271520</subfield></datafield><datafield ind1=" " ind2=" " tag="040"><subfield code="a">VYN</subfield><subfield code="b">eng</subfield><subfield code="c">VYN</subfield><subfield code="d">ATL</subfield><subfield code="d">OCL</subfield><subfield code="d">OCLCF</subfield><subfield code="d">OCLCO</subfield><subfield code="d">NVF</subfield><subfield code="d">OCLCO</subfield></datafield><datafield ind1=" " ind2=" " tag="042"><subfield code="a">pcc</subfield></datafield><datafield ind1=" " ind2=" " tag="043"><subfield code="a">n-us---</subfield></datafield><datafield ind1="0" ind2="4" tag="245"><subfield code="a">The interior &amp; Christian hour.</subfield></datafield><datafield ind1="3" ind2=" " tag="246"><subfield code="a">Interior and Christian hour</subfield></datafield><datafield ind1=" " ind2=" " tag="260"><subfield code="a">Chicago, [Ill.] :</subfield><subfield code="b">Frank S. Gray,</subfield><subfield code="c">1888.</subfield></datafield><datafield ind1=" " ind2=" " tag="300"><subfield code="a">v. :</subfield><subfield code="b">ill. ;</subfield><subfield code="c">61 cm.</subfield></datafield><datafield ind1=" " ind2=" " tag="310"><subfield code="a">Weekly</subfield></datafield><datafield ind1="0" ind2=" " tag="362"><subfield code="a">Vol. 19 (Jan. 5, 1888)-v. 19 (June 7, 1888) = No. 919-941.</subfield></datafield><datafield ind1=" " ind2=" " tag="500"><subfield code="a">Title from caption.</subfield></datafield><datafield ind1=" " ind2=" " tag="515"><subfield code="a">No more published?</subfield></datafield><datafield ind1=" " ind2=" " tag="525"><subfield code="a">Includes monthly "Magazine supplement."</subfield></datafield><datafield ind1=" " ind2=" " tag="580"><subfield code="a">Issued as the "Christian hour ed." of The interior (Chicago, Ill.) after The interior absorbed the Christian hour in Jan., 1888.</subfield></datafield><datafield ind1=" " ind2="0" tag="650"><subfield code="a">Presbyterians</subfield><subfield code="z">United States</subfield><subfield code="v">Newspapers.</subfield></datafield><datafield ind1=" " ind2="0" tag="650"><subfield code="a">Presbyterian Church</subfield><subfield code="z">United States</subfield><subfield code="v">Newspapers.</subfield></datafield><datafield ind1=" " ind2="0" tag="651"><subfield code="a">United States</subfield><subfield code="x">Religion</subfield><subfield code="v">Newspapers.</subfield></datafield><datafield ind1=" " ind2="7" tag="650"><subfield code="a">Presbyterians.</subfield><subfield code="2">fast</subfield><subfield code="0">(OCoLC)fst01075567</subfield></datafield><datafield ind1=" " ind2="7" tag="651"><subfield code="a">United States.</subfield><subfield code="2">fast</subfield><subfield code="0">(OCoLC)fst01204155</subfield></datafield><datafield ind1="1" ind2=" " tag="775"><subfield code="t">Interior (Chicago, Ill.)</subfield><subfield code="w">(DLC)sn 85033499</subfield><subfield code="w">(OCoLC)12005262</subfield></datafield><datafield ind1="1" ind2="1" tag="780"><subfield code="t">Christian hour</subfield><subfield code="w">(OCoLC)11036446</subfield></datafield></record>